<?xml version="1.0" encoding="UTF-8"?><collection xmlns="http://www.loc.gov/MARC21/slim"><record><leader>00608nam--2200181-i-4500</leader><controlfield tag="001">000023808</controlfield><controlfield tag="002">20161230</controlfield><controlfield tag="005">20161230201035</controlfield><controlfield tag="008">060222s1000------------r-----000-0-fre-d</controlfield><datafield ind1=" " ind2=" " tag="040"><subfield code="a">IFIN-HH</subfield></datafield><datafield ind1=" " ind2=" " tag="041"><subfield code="a">fre</subfield></datafield><datafield ind1=" " ind2=" " tag="080"><subfield code="a">535.375.5:543.424(043)</subfield></datafield><datafield ind1="1" ind2=" " tag="100"><subfield code="a">Gilbert, Michel</subfield></datafield><datafield ind1="1" ind2="0" tag="245"><subfield code="a">Etude par diffusion raman des mouvements de rotation dans les phases liquides et plstiques de composes fluores (xf6, x=s, se, te, mo, w; cf4 et nf3)</subfield><subfield code="b">These</subfield><subfield code="c">Michel gilbert</subfield></datafield><datafield ind1=" " ind2=" " tag="260"><subfield code="a">Paris Vi</subfield><subfield code="b">L`Universite Pierre Et Marie Curie</subfield><subfield code="c">1977</subfield></datafield><datafield ind1=" " ind2=" " tag="300"><subfield code="a">195P</subfield></datafield><datafield ind1=" " ind2=" " tag="852"><subfield code="a">46338</subfield><subfield code="c">535.37</subfield></datafield><datafield ind1=" " ind2=" " tag="CAT"><subfield code="a">Sys</subfield><subfield code="c">20110426</subfield><subfield code="h">150548</subfield></datafield></record></collection>